@misc{apcimage,
    title = {{Automatic People Counter Image reference}},
    year = {2018},
    booktitle = {trafsys.com},
    author = {{trafsys.com}}
}

@misc{avmavlimmage,
    title = {{AVM AVL immage reference}},
    year = {2022},
    booktitle = {swarco.com},
    author = {{swarco}},
    url = {https://www.swarco.com/sites/default/files/public/next_illustration_2.4.jpg}
}

@misc{videosurvimage,
    title = {{BUS VIDEO SURVEILLANCE SOLUTION}},
    year = {2019},
    booktitle = {hikvision.com},
    author = {{HIKVISION}},
    month = {3},
    url = {https://www.hikvision.com/content/dam/hikvision/eu/support/brochures/vertical-solution-brochure/Bus Video Surveillance Solution Mar.2019.pdf}
}

@misc{dlgs2542016,
    title = {{DECRETO LEGISLATIVO 30 dicembre 2016, n. 254}},
    year = {2016},
    author = {{Governo della Repubblica Italiana}},
    month = {12},
    publisher = {Presidente della Repubblica Italiana - Governo della Repubblica Italiana},
    url = {https://www.gazzettaufficiale.it/eli/id/2017/01/10/17G00002/sg},
    address = {Roma}
}

@misc{directive201495eu,
    title = {{DIRECTIVE 2014/95/EU}},
    year = {2014},
    author = {{EUROPEAN PARLIAMENT} and {COUNCIL OF THE EUROPEAN UNION}},
    month = {10},
    publisher = {the EUROPEAN PARLIAMENT and the COUNCIL OF THE EUROPEAN UNION},
    url = {http://data.europa.eu/eli/dir/2014/95/oj}
}

@misc{eticketimage,
    title = {{E-ticketing image reference}},
    year = {2022},
    booktitle = {thecitizen.co.tz},
    author = {{thecitizen.co.tz}},
    url = {https://www.thecitizen.co.tz/resource/blob/3248162/9cab6a11882d09a21dd3172d2b9344e5/ticket-pic-data.png}
}

@misc{ghgprotocol,
    title = {{GHG Protocols}},
    year = {1998},
    author = {{WRI} and {WBCSD}},
    url = {https://ghgprotocol.org/}
}

@misc{GreenhouseScenario,
    title = {{Greenhouse gas emissions from transport in the EU, by transport mode and scenario}},
    year = {2021},
    author = {{EEA}},
    month = {10},
    url = {https://www.eea.europa.eu/data-and-maps/daviz/greenhouse-gas-emissions-from-transport-3#tab-chart_1}
}

@misc{KPImanteinance,
    title = {{Key Performance Indicators (KPI's) for Maintenance}},
    year = {2019},
    booktitle = {dynaway.com/},
    author = {Borley, Jamie},
    month = {3},
    url = {https://www.dynaway.com/blog/maintenance-kpis}
}

@misc{rossiPTM,
    title = {{Lecture materials Public Transport management}},
    year = {2022},
    booktitle = {Politecnico di Milano},
    author = {Rossi, Stefano},
    month = {5},
    publisher = {Politecnico di Milano}
}

@article{realtimepolution,
    title = {{Real-time air pollution monitoring with sensors on city bus}},
    year = {2020},
    journal = {Digital Communications and Networks},
    author = {Kaivonen, Sami and Ngai, Edith C.-H.},
    number = {1},
    month = {2},
    pages = {23--30},
    volume = {6},
    url = {https://linkinghub.elsevier.com/retrieve/pii/S2352864818302475},
    doi = {10.1016/j.dcan.2019.03.003},
    issn = {23528648}
}

@misc{sdgs,
    title = {{Sustainable Development}},
    year = {2015},
    booktitle = {United Nations},
    author = {{Department of Economic and Social Affairs - United Nations}},
    url = {https://sdgs.un.org/}
}

@misc{Flowers20206Targeting,
    title = {{6 Fleet Management KPIs You Should Be Targeting}},
    year = {2020},
    booktitle = {fleetio.com/},
    author = {Flowers, Laura},
    month = {9},
    url = {https://www.fleetio.com/blog/fleet-management-kpis}
}

@misc{ATM2018ATMSostenibilita,
    title = {{ATM per la sostenibilit{\`{a}}}},
    year = {2018},
    author = {{ATM}}
}

@misc{Autoguidovie2019BilancioSostenibilita,
    title = {{Bilancio di Sostenibilit{\`{a}}}},
    year = {2019},
    author = {{Autoguidovie}}
}

@techreport{Litman2021DevelopingPlanning,
    title = {{Developing Indicators for Sustainable and Livable Transport Planning}},
    year = {2021},
    author = {Litman, Todd},
    month = {9},
    institution = {Victoria Transport Policy Institute}
}

@techreport{Noshin2018FastApplications,
    title = {{Fast and Smart Charging Solutions for Full Size Urban Heavy Duty Applications}},
    year = {2018},
    author = {Noshin, Omar},
    month = {7},
    url = {https://assured-project.eu/storage/files/assured-d25-final-requirement-and-kpi-tree-merged.pdf},
    institution = {Horizon 2020}
}

@misc{Mazzoncini2022FromService,
    title = {{From Transport Service To Mobility Service}},
    year = {2022},
    booktitle = {Politecnico di Milano},
    author = {Mazzoncini, Renato},
    month = {2}
}

@techreport{SustainableMobilityforAll2017Global2017,
    title = {{Global Mobility Report 2017}},
    year = {2017},
    author = {{Sustainable Mobility for All}},
    url = {http://www.sum4all.org/},
    institution = {GreenhouseScenario},
    address = {Washington, D.C.},
    isbn = {978-0-692-95670-0}
}

@article{Helmus2016KeyInfrastructure,
    title = {{Key Performance Indicators of Charging infrastructure}},
    year = {2016},
    journal = {World Electric Vehicle Journal},
    author = {Helmus, J. and van den Hoed, R.},
    number = {4},
    month = {12},
    pages = {733--741},
    volume = {8},
    url = {http://www.mdpi.com/2032-6653/8/4/733},
    doi = {10.3390/wevj8040733},
    issn = {2032-6653}
}

@misc{Coppola2021LectureOperation,
    title = {{Lecture 9b - Transit Planning and Operation}},
    year = {2021},
    booktitle = {Politecnico di Milano},
    author = {Coppola, Pierluigi},
    month = {4}
}

@misc{fiixsoftware.com2022MeanMTTR,
    title = {{Mean time to repair (MTTR)}},
    year = {2022},
    booktitle = {fiixsoftware.com},
    author = {{fiixsoftware.com}},
    url = {https://www.fiixsoftware.com/maintenance-metrics/mean-time-to-repair-maintenance/}
}

@article{Jittrapirom2017MobilityChallenges,
    title = {{Mobility as a Service: A Critical Review of Definitions, Assessments of Schemes, and Key Challenges}},
    year = {2017},
    journal = {Urban Planning},
    author = {Jittrapirom, Peraphan and Caiati, Valeria and Feneri, Anna-Maria and Ebrahimigharehbaghi, Shima and Gonz{\'{a}}lez, Mar√≠a J. Alonso and Narayan, Jishnu},
    number = {2},
    month = {6},
    pages = {13--25},
    volume = {2},
    url = {https://www.cogitatiopress.com/urbanplanning/article/view/931},
    doi = {10.17645/up.v2i2.931},
    issn = {2183-7635}
}

@techreport{Eckert2018PerformanceHandbook,
    title = {{Performance Assessment Handbook}},
    year = {2018},
    author = {Eckert, Stefan and Faltenbacher, Michael and Stolzenburg, Klaus and Gallmetzer, Martin},
    month = {2},
    institution = {European Union}
}

@article{deOna2015QualityApproaches,
    title = {{Quality of Service in Public Transport Based on Customer Satisfaction Surveys: A Review and Assessment of Methodological Approaches}},
    year = {2015},
    journal = {Transportation Science},
    author = {de O{\~{n}}a, Juan and de O{\~{n}}a, Rocio},
    number = {3},
    month = {8},
    pages = {605--622},
    volume = {49},
    publisher = {INFORMS Inst.for Operations Res.and the Management Sciences},
    url = {http://pubsonline.informs.org/doi/10.1287/trsc.2014.0544},
    doi = {10.1287/trsc.2014.0544},
    issn = {0041-1655},
    keywords = {Customer satisfaction surveys, Derived importance, Public transport, Service quality, Stated importance}
}

@misc{fch2022STATE-OF-THE-ARTKPIS,
    title = {{STATE-OF-THE-ART AND FUTURE TARGETS (KPIS)}},
    year = {2022},
    booktitle = {fch.europa.eu},
    author = {{fch}},
    url = {https://www.fch.europa.eu/soa-and-targets}
}

@misc{ADECINNOVATIONS2022WhatSustainability,
    title = {{What is social sustainability?}},
    year = {2022},
    author = {{ADEC INNOVATIONS}},
    url = {https://www.adecesg.com/resources/faq/what-is-social-sustainability/#:~:text=Social%20sustainability%20occurs%20when%20the,create%20healthy%20and%20livable%20communities.}
}