@article{realtimepolution,
    title = {{Real-time air pollution monitoring with sensors on city bus}},
    year = {2020},
    journal = {Digital Communications and Networks},
    author = {Kaivonen, Sami and Ngai, Edith C.-H.},
    number = {1},
    month = {2},
    pages = {23--30},
    volume = {6},
    url = {https://linkinghub.elsevier.com/retrieve/pii/S2352864818302475},
    doi = {10.1016/j.dcan.2019.03.003},
    issn = {23528648}
}

@misc{ATM2018ATMSostenibilita,
    title = {{ATM per la sostenibilit{\`{a}}}},
    year = {2018},
    author = {{ATM}}
}

@misc{Autoguidovie2019BilancioSostenibilita,
    title = {{Bilancio di Sostenibilit{\`{a}}}},
    year = {2019},
    author = {{Autoguidovie}}
}

@techreport{Litman2021DevelopingPlanning,
    title = {{Developing Indicators for Sustainable and Livable Transport Planning}},
    year = {2021},
    author = {Litman, Todd},
    month = {9},
    institution = {Victoria Transport Policy Institute}
}

@misc{Mazzoncini2022FromService,
    title = {{From Transport Service To Mobility Service}},
    year = {2022},
    booktitle = {Politecnico di Milano},
    author = {Mazzoncini, Renato},
    month = {2}
}

@misc{Coppola2021LectureOperation,
    title = {{Lecture 9b - Transit Planning and Operation}},
    year = {2021},
    booktitle = {Politecnico di Milano},
    author = {Coppola, Pierluigi},
    month = {4}
}

@article{Jittrapirom2017MobilityChallenges,
    title = {{Mobility as a Service: A Critical Review of Definitions, Assessments of Schemes, and Key Challenges}},
    year = {2017},
    journal = {Urban Planning},
    author = {Jittrapirom, Peraphan and Caiati, Valeria and Feneri, Anna-Maria and Ebrahimigharehbaghi, Shima and Gonz{\'{a}}lez, Mar√≠a J. Alonso and Narayan, Jishnu},
    number = {2},
    month = {6},
    pages = {13--25},
    volume = {2},
    doi = {10.17645/up.v2i2.931},
    issn = {2183-7635}
}

@techreport{2017SustainableAll,
    title = {{Sustainable Mobility for All}},
    year = {2017},
    url = {http://www.sum4all.org/},
    isbn = {978-0-692-95670-0}
}

@misc{Rossi2022TheApproach,
    title = {{The bus: consolidated power systems  and the new green approach}},
    year = {2022},
    author = {Rossi, Stefano},
    month = {5}
}